@article{KOEHLEROTTIGER02,
   author={Jana Koehler and Daniel Ottiger},
   journal={AI Magazine},
   number={3},
   pages={59--78},
   publisher={American Association for Artificial Intelligence (AAAI)},
   title={An AI-Based Approach to Destination Control in Elevators},
   volume={23},
   year={2002},
}

@misc{HORN10,
   author={Emily Horn},
   title={IBM News room - 2010-04-29 IBM Survey Shows Strengths, Gaps in U.S. Office Buildings - United States},
   url={http://www-03.ibm.com/press/us/en/pressrelease/30191.wss},
   urlaccessdate={Ago. 2015},
   year={2010}
}

@misc{MCGAR15,
   author={Justin McGar},
   title={Smart Elevators and the Internet of Things},
   url={https://sourceable.net/smart-elevators-and-the-internet-of-things/},
   urlaccessdate={Ago. 2015},
   year={2015}
}
